@inproceedings{Jensen1999,
author = {Jensen, K. and Arnspang, J.},
booktitle = {Proc. of the 1999 ICMC},
file = {:Users/rmaestre/University/machine learning/dod-idx.pdf:pdf},
publisher = {Citeseer},
title = {{Binary decision tree classification of musical sounds}},
url = {http://citeseerx.ist.psu.edu/viewdoc/download?doi=10.1.1.2.9034\&amp;rep=rep1\&amp;type=pdf},
year = {1999}
}
